@inproceedings{wong2002rule,
  title={Rule-based anomaly pattern detection for detecting disease outbreaks},
  author={Wong, Weng-Keen and Moore, Andrew and Cooper, Gregory and Wagner, Michael},
  booktitle={AAAI/IAAI},
  pages={217--223},
  year={2002}
}

@inproceedings{aggarwal2005abnormality,
  title={On abnormality detection in spuriously populated data streams},
  author={Aggarwal, Charu C},
  booktitle={Proceedings of the 2005 siam international conference on data mining},
  pages={80--91},
  year={2005},
  organization={SIAM}
}

@article{pourhabibi2020fraud,
  title={Fraud detection: A systematic literature review of graph-based anomaly detection approaches},
  author={Pourhabibi, Tahereh and Ong, Kok-Leong and Kam, Booi H and Boo, Yee Ling},
  journal={Decision Support Systems},
  volume={133},
  pages={113303},
  year={2020},
  publisher={Elsevier}
}

@article{avci2021review,
  title={A review of vibration-based damage detection in civil structures: From traditional methods to Machine Learning and Deep Learning applications},
  author={Avci, Onur and Abdeljaber, Osama and Kiranyaz, Serkan and Hussein, Mohammed and Gabbouj, Moncef and Inman, Daniel J},
  journal={Mechanical systems and signal processing},
  volume={147},
  pages={107077},
  year={2021},
  publisher={Elsevier}
}

@article{du2020damage,
  title={Damage detection techniques for wind turbine blades: A review},
  author={Du, Ying and Zhou, Shengxi and Jing, Xingjian and Peng, Yeping and Wu, Hongkun and Kwok, Ngaiming},
  journal={Mechanical Systems and Signal Processing},
  volume={141},
  pages={106445},
  year={2020},
  publisher={Elsevier}
}

@article{box1964analysis,
  title={An analysis of transformations},
  author={Box, George EP and Cox, David R},
  journal={Journal of the Royal Statistical Society: Series B (Methodological)},
  volume={26},
  number={2},
  pages={211--243},
  year={1964},
  publisher={Wiley Online Library}
}

@inproceedings{baktashmotlagh2013unsupervised,
  title={Unsupervised domain adaptation by domain invariant projection},
  author={Baktashmotlagh, Mahsa and Harandi, Mehrtash T and Lovell, Brian C and Salzmann, Mathieu},
  booktitle={Proceedings of the IEEE international conference on computer vision},
  pages={769--776},
  year={2013}
}

@article{pan2010domain,
  title={Domain adaptation via transfer component analysis},
  author={Pan, Sinno Jialin and Tsang, Ivor W and Kwok, James T and Yang, Qiang},
  journal={IEEE transactions on neural networks},
  volume={22},
  number={2},
  pages={199--210},
  year={2010},
  publisher={IEEE}
}

@inproceedings{gong2013connecting,
  title={Connecting the dots with landmarks: Discriminatively learning domain-invariant features for unsupervised domain adaptation},
  author={Gong, Boqing and Grauman, Kristen and Sha, Fei},
  booktitle={International conference on machine learning},
  pages={222--230},
  year={2013},
  organization={PMLR}
}

@inproceedings{saenko2010adapting,
  title={Adapting visual category models to new domains},
  author={Saenko, Kate and Kulis, Brian and Fritz, Mario and Darrell, Trevor},
  booktitle={Computer Vision--ECCV 2010: 11th European Conference on Computer Vision, Heraklion, Crete, Greece, September 5-11, 2010, Proceedings, Part IV 11},
  pages={213--226},
  year={2010},
  organization={Springer}
}


@article{lee2015evaluating,
  title   = {Evaluating the statistical significance of biclusters},
  author  = {Lee, Jason D and Sun, Yuekai and Taylor, Jonathan E},
  journal = {Advances in neural information processing systems},
  volume  = {28},
  year    = {2015}
}


@article{inoue2017post,
  title     = {Post clustering inference for heterogeneous data},
  author    = {Inoue, Shigenori and Umezu, Yuta and Tsubota, Shoma and Takeuchi, Ichiro},
  journal   = {IEICE Technical Report; IEICE Tech. Rep.},
  volume    = {117},
  number    = {293},
  pages     = {69--76},
  year      = {2017},
  publisher = {IEICE}
}

@article{gao2022selective,
  title     = {Selective inference for hierarchical clustering},
  author    = {Gao, Lucy L and Bien, Jacob and Witten, Daniela},
  journal   = {Journal of the American Statistical Association},
  pages     = {1--11},
  year      = {2022},
  publisher = {Taylor \& Francis}
}

@article{chen2022selective,
  title   = {Selective inference for k-means clustering},
  author  = {Chen, Yiqun T and Witten, Daniela M},
  journal = {arXiv preprint arXiv:2203.15267},
  year    = {2022}
}

@article{duy2022exact,
  title   = {Exact statistical inference for time series similarity using dynamic time warping by selective inference},
  author  = {Duy, Vo Nguyen Le and Takeuchi, Ichiro},
  journal = {arXiv preprint arXiv:2202.06593},
  year    = {2022}
}

@article{rugamer2020inference,
  title     = {Inference for L 2-boosting},
  author    = {R{\"u}gamer, David and Greven, Sonja},
  journal   = {Statistics and computing},
  volume    = {30},
  number    = {2},
  pages     = {279--289},
  year      = {2020},
  publisher = {Springer}
}

@article{neufeld2022tree,
  title   = {Tree-values: selective inference for regression trees},
  author  = {Neufeld, Anna C and Gao, Lucy L and Witten, Daniela M},
  journal = {Journal of Machine Learning Research},
  volume  = {23},
  number  = {305},
  pages   = {1--43},
  year    = {2022}
}

@inproceedings{yamada2018post,
  title        = {Post selection inference with kernels},
  author       = {Yamada, Makoto and Umezu, Yuta and Fukumizu, Kenji and Takeuchi, Ichiro},
  booktitle    = {International conference on artificial intelligence and statistics},
  pages        = {152--160},
  year         = {2018},
  organization = {PMLR}
}


@article{duy2022quantifying,
  title   = {Quantifying statistical significance of neural network-based image segmentation by selective inference},
  author  = {Duy, Vo Nguyen Le and Iwazaki, Shogo and Takeuchi, Ichiro},
  journal = {Advances in Neural Information Processing Systems},
  volume  = {35},
  pages   = {31627--31639},
  year    = {2022}
}

@inproceedings{miwa2023valid,
  title     = {Valid p-value for deep learning-driven salient region},
  author    = {Daiki Miwa and Duy Vo Nguyen Le and Ichiro Takeuchi},
  booktitle = {Proceedings of the 11th International Conference on Learning Representation},
  year      = {2023}
}


@article{umezu2017selective,
  title   = {Selective inference for change point detection in multi-dimensional sequences},
  author  = {Umezu, Yuta and Takeuchi, Ichiro},
  journal = {arXiv preprint arXiv:1706.00514},
  year    = {2017}
}

@article{jewell2022testing,
  title     = {Testing for a change in mean after changepoint detection},
  author    = {Jewell, Sean and Fearnhead, Paul and Witten, Daniela},
  journal   = {Journal of the Royal Statistical Society Series B: Statistical Methodology},
  volume    = {84},
  number    = {4},
  pages     = {1082--1104},
  year      = {2022},
  publisher = {Oxford University Press}
}


@article{chen2020valid,
  title     = {Valid inference corrected for outlier removal},
  author    = {Chen, Shuxiao and Bien, Jacob},
  journal   = {Journal of Computational and Graphical Statistics},
  volume    = {29},
  number    = {2},
  pages     = {323--334},
  year      = {2020},
  publisher = {Taylor \& Francis}
}

@article{srivastava1998outliers,
  title={Outliers in multivariate regression models},
  author={Srivastava, Muni S and von Rosen, Dietrich},
  journal={Journal of Multivariate Analysis},
  volume={65},
  number={2},
  pages={195--208},
  year={1998},
  publisher={Elsevier}
}

@article{pan1995multiple,
  title={Multiple outlier detection in growth curve model with unstructured covariance matrix},
  author={Pan, Jian-Xin and Fang, Kai-Tai},
  journal={Annals of the Institute of Statistical Mathematics},
  volume={47},
  number={1},
  pages={137--153},
  year={1995},
  publisher={Springer}
}


@article{flamary2016optimal,
  title={Optimal transport for domain adaptation},
  author={Flamary, R and Courty, N and Tuia, D and Rakotomamonjy, A},
  journal={IEEE Trans. Pattern Anal. Mach. Intell},
  volume={1},
  pages={1--40},
  year={2016}
}

@book{aggarwal2017outlier,
  title={Outlier Analysis},
  author={Aggarwal, Charu C},
  year={2017},
  publisher={Springer}
}


@article{mairal2012complexity,
  title={Complexity analysis of the lasso regularization path},
  author={Mairal, Julien and Yu, Bin},
  journal={arXiv preprint arXiv:1205.0079},
  year={2012}
}
@article{hastie2004entire,
  title={The entire regularization path for the support vector machine},
  author={Hastie, Trevor and Rosset, Saharon and Tibshirani, Robert and Zhu, Ji},
  journal={Journal of Machine Learning Research},
  volume={5},
  number={Oct},
  pages={1391--1415},
  year={2004}
}
@article{park2007l1,
  title={L1-regularization path algorithm for generalized linear models},
  author={Park, Mee Young and Hastie, Trevor},
  journal={Journal of the Royal Statistical Society: Series B (Statistical Methodology)},
  volume={69},
  number={4},
  pages={659--677},
  year={2007},
  publisher={Wiley Online Library}
}


@inproceedings{le2021parametric,
  title={Parametric Programming Approach for More Powerful and General Lasso Selective Inference},
  author={Duy, Vo Nguyen Le and Takeuchi, Ichiro},
  booktitle={International Conference on Artificial Intelligence and Statistics},
  pages={901--909},
  year={2021},
  organization={PMLR}
}

@article{tibshirani2005sparsity,
  title={Sparsity and smoothness via the fused lasso},
  author={Tibshirani, Robert and Saunders, Michael and Rosset, Saharon and Zhu, Ji and Knight, Keith},
  journal={Journal of the Royal Statistical Society: Series B (Statistical Methodology)},
  volume={67},
  number={1},
  pages={91--108},
  year={2005},
  publisher={Wiley Online Library}
}


@article{tibshirani2011solution,
  title={The solution path of the generalized lasso},
  author={Tibshirani, Ryan J and Taylor, Jonathan},
  journal={The annals of statistics},
  volume={39},
  number={3},
  pages={1335--1371},
  year={2011},
  publisher={Institute of Mathematical Statistics}
}

@article{tibshirani1996regression,
  title={Regression shrinkage and selection via the lasso},
  author={Tibshirani, Robert},
  journal={Journal of the Royal Statistical Society: Series B (Methodological)},
  volume={58},
  number={1},
  pages={267--288},
  year={1996},
  publisher={Wiley Online Library}
}

@article{lee2016exact,
  title={Exact post-selection inference, with application to the lasso},
  author={Lee, Jason D and Sun, Dennis L and Sun, Yuekai and Taylor, Jonathan E},
  journal={The Annals of Statistics},
  volume={44},
  number={3},
  pages={907--927},
  year={2016},
  publisher={Institute of Mathematical Statistics}
}

@article{liu2018more,
  title={More powerful post-selection inference, with application to the lasso},
  author={Liu, Keli and Markovic, Jelena and Tibshirani, Robert},
  journal={arXiv preprint arXiv:1801.09037},
  year={2018}
}

@article{fithian2014optimal,
  title={Optimal inference after model selection},
  author={Fithian, William and Sun, Dennis and Taylor, Jonathan},
  journal={arXiv preprint arXiv:1410.2597},
  year={2014}
}


@article{rosset2007piecewise,
  title={Piecewise linear regularized solution paths},
  author={Rosset, Saharon and Zhu, Ji},
  journal={The Annals of Statistics},
  pages={1012--1030},
  year={2007},
  publisher={JSTOR}
}

@article{zou2005regularization,
  title={Regularization and variable selection via the elastic net},
  author={Zou, Hui and Hastie, Trevor},
  journal={Journal of the royal statistical society: series B (statistical methodology)},
  volume={67},
  number={2},
  pages={301--320},
  year={2005},
  publisher={Wiley Online Library}
}

@incollection{huber1992robust,
  title={Robust estimation of a location parameter},
  author={Huber, Peter J},
  booktitle={Breakthroughs in statistics},
  pages={492--518},
  year={1992},
  publisher={Springer}
}


@article{cox1975note,
  title={A note on data-splitting for the evaluation of significance levels},
  author={Cox, David R},
  journal={Biometrika},
  volume={62},
  number={2},
  pages={441--444},
  year={1975},
  publisher={Oxford University Press}
}


@article{truong2020selective,
  title={Selective review of offline change point detection methods},
  author={Truong, Charles and Oudre, Laurent and Vayatis, Nicolas},
  journal={Signal Processing},
  volume={167},
  pages={107299},
  year={2020},
  publisher={Elsevier}
}


@article{snijders2001assembly,
  title={Assembly of microarrays for genome-wide measurement of DNA copy number},
  author={Snijders, Antoine M and Nowak, Norma and Segraves, Richard and Blackwood, Stephanie and Brown, Nils and Conroy, Jeffrey and Hamilton, Greg and Hindle, Anna Katherine and Huey, Bing and Kimura, Karen},
  journal={Nature genetics},
  volume={29},
  number={3},
  pages={263},
  year={2001},
  publisher={Nature Publishing Group}
}

@article{jung2017bayesian,
  title={Bayesian change-point problem using Bayes factor with hierarchical prior distribution},
  author={Jung, Myoungjin and Song, Seongho and Chung, Younshik},
  journal={Communications in Statistics-Theory and Methods},
  volume={46},
  number={3},
  pages={1352--1366},
  year={2017},
  publisher={Taylor \& Francis}
}

@book{hastie2009elements,
  title={The elements of statistical learning: data mining, inference, and prediction},
  author={Hastie, Trevor and Tibshirani, Robert and Friedman, Jerome},
  year={2009},
  publisher={Springer Science \& Business Media}
}

@article{pierre2014performance,
  title={Performance evaluation of DNA copy number segmentation methods},
  author={Pierre-Jean, Morgane and Rigaill, Guillem and Neuvial, Pierre},
  journal={Briefings in bioinformatics},
  volume={16},
  number={4},
  pages={600--615},
  year={2014},
  publisher={Oxford University Press}
}


@article{benjamini2005false,
  title={False discovery rate--adjusted multiple confidence intervals for selected parameters},
  author={Benjamini, Yoav and Yekutieli, Daniel},
  journal={Journal of the American Statistical Association},
  volume={100},
  number={469},
  pages={71--81},
  year={2005},
  publisher={Taylor \& Francis}
}

@article{leeb2005model,
  title={Model selection and inference: Facts and fiction},
  author={Leeb, Hannes and P{\"o}tscher, Benedikt M},
  journal={Econometric Theory},
  pages={21--59},
  year={2005},
  publisher={JSTOR}
}

@article{leeb2006can,
  title={Can one estimate the conditional distribution of post-model-selection estimators?},
  author={Leeb, Hannes and P{\"o}tscher, Benedikt M},
  journal={The Annals of Statistics},
  volume={34},
  number={5},
  pages={2554--2591},
  year={2006},
  publisher={Institute of Mathematical Statistics}
}

@article{benjamini2009selective,
  title={Selective inference in complex research},
  author={Benjamini, Yoav and Heller, Ruth and Yekutieli, Daniel},
  journal={Philosophical Transactions of the Royal Society A: Mathematical, Physical and Engineering Sciences},
  volume={367},
  number={1906},
  pages={4255--4271},
  year={2009},
  publisher={The Royal Society Publishing}
}

@article{potscher2010confidence,
  title={Confidence sets based on penalized maximum likelihood estimators in Gaussian regression},
  author={P{\"o}tscher, Benedikt M and Schneider, Ulrike},
  journal={Electronic Journal of Statistics},
  volume={4},
  pages={334--360},
  year={2010},
  publisher={The Institute of Mathematical Statistics and the Bernoulli Society}
}

@article{berk2013valid,
  title={Valid post-selection inference},
  author={Berk, Richard and Brown, Lawrence and Buja, Andreas and Zhang, Kai and Zhao, Linda},
  journal={The Annals of Statistics},
  volume={41},
  number={2},
  pages={802--837},
  year={2013},
  publisher={Institute of Mathematical Statistics}
}

@article{lockhart2014significance,
  title={A significance test for the lasso},
  author={Lockhart, Richard and Taylor, Jonathan and Tibshirani, Ryan J and Tibshirani, Robert},
  journal={Annals of statistics},
  volume={42},
  number={2},
  pages={413},
  year={2014},
  publisher={NIH Public Access}
}
@article{taylor2014post,
  title={Post-selection adaptive inference for least angle regression and the lasso},
  author={Taylor, Jonathan and Lockhart, Richard and Tibshirani, Ryan J and Tibshirani, Robert},
  journal={arXiv preprint arXiv:1401.3889},
  volume={354},
  year={2014},
  publisher={Citeseer}
}


@article{loftus2014significance,
  title={A significance test for forward stepwise model selection},
  author={Loftus, Joshua R and Taylor, Jonathan E},
  journal={arXiv preprint arXiv:1405.3920},
  year={2014}
}

@article{panigrahi2016bayesian,
  title={Bayesian post-selection inference in the linear model},
  author={Panigrahi, Snigdha and Taylor, Jonathan and Weinstein, Asaf},
  journal={arXiv preprint arXiv:1605.08824},
  volume={28},
  year={2016}
}

@inproceedings{yang2016selective,
  title={Selective inference for group-sparse linear models},
  author={Yang, Fan and Barber, Rina Foygel and Jain, Prateek and Lafferty, John},
  booktitle={Advances in Neural Information Processing Systems},
  pages={2469--2477},
  year={2016}
}

@inproceedings{suzumura2017selective,
  title={Selective inference for sparse high-order interaction models},
  author={Suzumura, Shinya and Nakagawa, Kazuya and Umezu, Yuta and Tsuda, Koji and Takeuchi, Ichiro},
  booktitle={Proceedings of the 34th International Conference on Machine Learning-Volume 70},
  pages={3338--3347},
  year={2017},
  organization={JMLR. org}
}

@inproceedings{tanizaki2020computing,
  title={Computing valid p-values for image segmentation by selective inference},
  author={Tanizaki, Kosuke and Hashimoto, Noriaki and Inatsu, Yu and Hontani, Hidekata and Takeuchi, Ichiro},
  booktitle={Proceedings of the IEEE/CVF Conference on Computer Vision and Pattern Recognition},
  pages={9553--9562},
  year={2020}
}

@inproceedings{duy2020computing,
  title={Computing Valid p-value for Optimal Changepoint by Selective Inference using Dynamic Programming},
  author={Duy, Vo Nguyen Le and Toda, Hiroki and Sugiyama, Ryota and Takeuchi, Ichiro},
  booktitle={Advances in Neural Information Processing Systems},
  year={2020}
}

@article{chen2019valid,
  title={Valid inference corrected for outlier removal},
  author={Chen, Shuxiao and Bien, Jacob},
  journal={Journal of Computational and Graphical Statistics},
  pages={1--12},
  year={2019},
  publisher={Taylor \& Francis}
}

@article{choi2017selecting,
  title={Selecting the number of principal components: Estimation of the true rank of a noisy matrix},
  author={Choi, Yunjin and Taylor, Jonathan and Tibshirani, Robert},
  journal={The Annals of Statistics},
  volume={45},
  number={6},
  pages={2590--2617},
  year={2017},
  publisher={Institute of Mathematical Statistics}
}

@article{fithian2015selective,
  title={Selective sequential model selection},
  author={Fithian, William and Taylor, Jonathan and Tibshirani, Robert and Tibshirani, Ryan},
  journal={arXiv preprint arXiv:1512.02565},
  year={2015}
}

@article{tibshirani2016exact,
  title={Exact post-selection inference for sequential regression procedures},
  author={Tibshirani, Ryan J and Taylor, Jonathan and Lockhart, Richard and Tibshirani, Robert},
  journal={Journal of the American Statistical Association},
  volume={111},
  number={514},
  pages={600--620},
  year={2016},
  publisher={Taylor \& Francis}
}

@article{tian2018selective,
  title={Selective inference with a randomized response},
  author={Tian, Xiaoying and Taylor, Jonathan},
  journal={The Annals of Statistics},
  volume={46},
  number={2},
  pages={679--710},
  year={2018},
  publisher={Institute of Mathematical Statistics}
}

@article{hyun2018post,
  title={Post-selection inference for changepoint detection algorithms with application to copy number variation data},
  author={Hyun, Sangwon and Lin, Kevin and G'Sell, Max and Tibshirani, Ryan J},
  journal={arXiv preprint arXiv:1812.03644},
  year={2018}
}


@article{terada2019selective,
  title={Selective inference after variable selection via multiscale bootstrap},
  author={Terada, Yoshikazu and Shimodaira, Hidetoshi},
  journal={arXiv preprint arXiv:1905.10573},
  year={2019}
}

@article{duy2020quantifying,
  title={Quantifying statistical significance of neural network-based image segmentation by selective inference},
  author={Duy, Vo Nguyen Le and Iwazaki, Shogo and Takeuchi, Ichiro},
  journal={Advances in Neural Information Processing Systems},
  volume={35},
  pages={31627--31639},
  year={2022}
}

@inproceedings{sugiyama2021more,
  title={More powerful and general selective inference for stepwise feature selection using homotopy method},
  author={Sugiyama, Kazuya and Le Duy, Vo Nguyen and Takeuchi, Ichiro},
  booktitle={International Conference on Machine Learning},
  pages={9891--9901},
  year={2021},
  organization={PMLR}
}

@article{she2011outlier,
  title={Outlier detection using nonconvex penalized regression},
  author={She, Yiyuan and Owen, Art B},
  journal={Journal of the American Statistical Association},
  volume={106},
  number={494},
  pages={626--639},
  year={2011},
  publisher={Taylor \& Francis}
}

@article{tsukurimichi2022conditional,
  title={Conditional selective inference for robust regression and outlier detection using piecewise-linear homotopy continuation},
  author={Tsukurimichi, Toshiaki and Inatsu, Yu and Duy, Vo Nguyen Le and Takeuchi, Ichiro},
  journal={Annals of the Institute of Statistical Mathematics},
  volume={74},
  number={6},
  pages={1197--1228},
  year={2022},
  publisher={Springer}
}


@article{markovic2017unifying,
  title={Unifying approach to selective inference with applications to cross-validation},
  author={Markovic, Jelena and Xia, Lucy and Taylor, Jonathan},
  journal={arXiv preprint arXiv:1703.06559},
  year={2017}
}


@article{loftus2015selective,
  title={Selective inference in regression models with groups of variables},
  author={Loftus, Joshua R and Taylor, Jonathan E},
  journal={arXiv preprint arXiv:1511.01478},
  year={2015}
}


@book{murty1983linear,
  title={Linear Programming},
  author={Murty, K.G.},
  isbn={9780471097259},
  lccn={83007012},
  year={1983},
  publisher={Wiley}
}

@article{kolouri2017optimal,
  title={Optimal mass transport: Signal processing and machine-learning applications},
  author={Kolouri, Soheil and Park, Se Rim and Thorpe, Matthew and Slepcev, Dejan and Rohde, Gustavo K},
  journal={IEEE signal processing magazine},
  volume={34},
  number={4},
  pages={43--59},
  year={2017},
  publisher={IEEE}
}


@book{villani2009optimal,
  title={Optimal transport: old and new},
  author={Villani, C{\'e}dric},
  volume={338},
  year={2009},
  publisher={Springer}
}


@article{frogner2015learning,
  title={Learning with a Wasserstein loss},
  author={Frogner, Charlie and Zhang, Chiyuan and Mobahi, Hossein and Araya-Polo, Mauricio and Poggio, Tomaso},
  journal={arXiv preprint arXiv:1506.05439},
  year={2015}
}

@inproceedings{arjovsky2017wasserstein,
  title={Wasserstein generative adversarial networks},
  author={Arjovsky, Martin and Chintala, Soumith and Bottou, L{\'e}on},
  booktitle={International conference on machine learning},
  pages={214--223},
  year={2017},
  organization={PMLR}
}

@article{evans2012phylogenetic,
  title={The phylogenetic Kantorovich--Rubinstein metric for environmental sequence samples},
  author={Evans, Steven N and Matsen, Frederick A},
  journal={Journal of the Royal Statistical Society: Series B (Statistical Methodology)},
  volume={74},
  number={3},
  pages={569--592},
  year={2012},
  publisher={Wiley Online Library}
}

@article{ni2009local,
  title={Local histogram based segmentation using the Wasserstein distance},
  author={Ni, Kangyu and Bresson, Xavier and Chan, Tony and Esedoglu, Selim},
  journal={International journal of computer vision},
  volume={84},
  number={1},
  pages={97--111},
  year={2009},
  publisher={Springer}
}


@article{bernton2017inference,
  title={Inference in generative models using the Wasserstein distance},
  author={Bernton, Espen and Jacob, Pierre E and Gerber, Mathieu and Robert, Christian P},
  journal={arXiv preprint arXiv:1701.05146},
  volume={1},
  number={8},
  pages={9},
  year={2017},
  publisher={Technical report}
}

@article{del1999tests,
  title={Tests of goodness of fit based on the L2-Wasserstein distance},
  author={Del Barrio, Eustasio and Cuesta-Albertos, Juan A and Matr{\'a}n, Carlos and Rodr{\'\i}guez-Rodr{\'\i}guez, Jes{\'u}s M},
  journal={Annals of Statistics},
  pages={1230--1239},
  year={1999},
  publisher={JSTOR}
}

@article{del2019central,
  title={Central limit theorem and bootstrap procedure for Wasserstein’s variations with an application to structural relationships between distributions},
  author={Del Barrio, Eustasio and Gordaliza, Paula and Lescornel, H{\'e}l{\`e}ne and Loubes, Jean-Michel},
  journal={Journal of Multivariate Analysis},
  volume={169},
  pages={341--362},
  year={2019},
  publisher={Elsevier}
}

@article{ramdas2017wasserstein,
  title={On wasserstein two-sample testing and related families of nonparametric tests},
  author={Ramdas, Aaditya and Trillos, Nicol{\'a}s Garc{\'\i}a and Cuturi, Marco},
  journal={Entropy},
  volume={19},
  number={2},
  pages={47},
  year={2017},
  publisher={Multidisciplinary Digital Publishing Institute}
}

@article{imaizumi2019hypothesis,
  title={Hypothesis Test and Confidence Analysis with Wasserstein Distance with General Dimension},
  author={Imaizumi, Masaaki and Ota, Hirofumi and Hamaguchi, Takuo},
  journal={arXiv preprint arXiv:1910.07773},
  year={2019}
}

@article{feltes2019cumida,
  title={Cumida: an extensively curated microarray database for benchmarking and testing of machine learning approaches in cancer research},
  author={Feltes, Bruno C{\'e}sar and Chandelier, Eduardo Bassani and Grisci, Bruno Iochins and Dorn, M{\'a}rcio},
  journal={Journal of Computational Biology},
  volume={26},
  number={4},
  pages={376--386},
  year={2019},
  publisher={Mary Ann Liebert, Inc., publishers 140 Huguenot Street, 3rd Floor New~…}
}

@article{duy2021more,
  title={More powerful conditional selective inference for generalized lasso by parametric programming},
  author={Duy, Vo Nguyen Le and Takeuchi, Ichiro},
  journal={The Journal of Machine Learning Research},
  volume={23},
  number={1},
  pages={13544--13580},
  year={2022},
  publisher={JMLRORG}
}

@article{das2021fast,
  title={Fast and More Powerful Selective Inference for Sparse High-order Interaction Model},
  author={Das, Diptesh and Duy, Vo Nguyen Le and Hanada, Hiroyuki and Tsuda, Koji and Takeuchi, Ichiro},
  journal={arXiv preprint arXiv:2106.04929},
  year={2021}
}

@article{hyun2018exact,
  title={Exact post-selection inference for the generalized lasso path},
  author={Hyun, Sangwon and G’sell, Max and Tibshirani, Ryan J},
  journal={Electronic Journal of Statistics},
  volume={12},
  number={1},
  pages={1053--1097},
  year={2018},
  publisher={Institute of Mathematical Statistics and Bernoulli Society}
}

@article{sugiyama2021valid,
  title={Valid and Exact Statistical Inference for Multi-dimensional Multiple Change-Points by Selective Inference},
  author={Sugiyama, Ryota and Toda, Hiroki and Duy, Vo Nguyen Le and Inatsu, Yu and Takeuchi, Ichiro},
  journal={arXiv preprint arXiv:2110.08989},
  year={2021}
}


@article{sakoe1978dynamic,
  title={Dynamic programming algorithm optimization for spoken word recognition},
  author={Sakoe, Hiroaki and Chiba, Seibi},
  journal={IEEE transactions on acoustics, speech, and signal processing},
  volume={26},
  number={1},
  pages={43--49},
  year={1978},
  publisher={IEEE}
}

@inproceedings{keogh2001derivative,
  title={Derivative dynamic time warping},
  author={Keogh, Eamonn J and Pazzani, Michael J},
  booktitle={Proceedings of the 2001 SIAM international conference on data mining},
  pages={1--11},
  year={2001},
  organization={SIAM}
}

@article{muller2007dynamic,
  title={Dynamic time warping},
  author={M{\"u}ller, Meinard},
  journal={Information retrieval for music and motion},
  pages={69--84},
  year={2007},
  publisher={Springer}
}

@inproceedings{cuturi2017soft,
  title={Soft-dtw: a differentiable loss function for time-series},
  author={Cuturi, Marco and Blondel, Mathieu},
  booktitle={International conference on machine learning},
  pages={894--903},
  year={2017},
  organization={PMLR}
}


@article{kriegeskorte2009circular,
  title={Circular analysis in systems neuroscience: the dangers of double dipping},
  author={Kriegeskorte, Nikolaus and Simmons, W Kyle and Bellgowan, Patrick SF and Baker, Chris I},
  journal={Nature neuroscience},
  volume={12},
  number={5},
  pages={535},
  year={2009},
  publisher={Nature Publishing Group}
}


@article{duy2021exact,
  title={Exact statistical inference for the Wasserstein distance by selective inference},
  author={Duy, Vo Nguyen Le and Takeuchi, Ichiro},
  journal={Annals of the Institute of Statistical Mathematics},
  volume={75},
  number={1},
  pages={127--157},
  year={2023},
  publisher={Springer}
}

@article{Makowski2021neurokit,
  author = {Makowski, Dominique and Pham, Tam and Lau, Zen J. and Brammer, Jan C. and Lespinasse, Fran{\c{c}}ois and Pham, Hung and Sch{\"o}lzel, Christopher and Chen, S. H. Annabel},
  title={NeuroKit2: A Python toolbox for neurophysiological signal processing},
  journal={Behavior Research Methods},
  year={2021},
  month={Feb},
  day={02},
  issn={1554-3528}
}

@article{huber1973robust,
  title={Robust regression: asymptotics, conjectures and Monte Carlo},
  author={Huber, Peter J and others},
  journal={The annals of statistics},
  volume={1},
  number={5},
  pages={799--821},
  year={1973},
  publisher={Institute of Mathematical Statistics}
}

@article{andrews1974robust,
  title={A robust method for multiple linear regression},
  author={Andrews, David F},
  journal={Technometrics},
  volume={16},
  number={4},
  pages={523--531},
  year={1974},
  publisher={Taylor \& Francis}
}


@article{zaman2001econometric,
  title={Econometric applications of high-breakdown robust regression techniques},
  author={Zaman, Asad and Rousseeuw, Peter J and Orhan, Mehmet},
  journal={Economics Letters},
  volume={71},
  number={1},
  pages={1--8},
  year={2001},
  publisher={Elsevier}
}

@book{rousseeuw2005robust,
  title={Robust regression and outlier detection},
  author={Rousseeuw, Peter J and Leroy, Annick M},
  volume={589},
  year={2005},
  publisher={John wiley \& sons}
}


@book{maronna2019robust,
  title={Robust statistics: theory and methods (with R)},
  author={Maronna, Ricardo A and Martin, R Douglas and Yohai, Victor J and others},
  year={2019},
  publisher={John Wiley \& Sons}
}

